<record><leader>00000cas a22000007a 4500</leader><controlfield tag="001">21224934</controlfield><controlfield tag="008">900316d18791881gaudr ne      0    0eng d</controlfield><datafield ind1=" " ind2=" " tag="010"><subfield code="a">sn 89053946 </subfield></datafield><datafield ind1=" " ind2=" " tag="040"><subfield code="a">NLG</subfield><subfield code="b">eng</subfield><subfield code="c">NLG</subfield><subfield code="d">GUA</subfield><subfield code="d">OCLCQ</subfield><subfield code="d">OCLCF</subfield><subfield code="d">OCLCO</subfield></datafield><datafield ind1="1" ind2=" " tag="029"><subfield code="a">AU@</subfield><subfield code="b">000025496626</subfield></datafield><datafield ind1=" " ind2=" " tag="042"><subfield code="a">msc</subfield></datafield><datafield ind1=" " ind2=" " tag="043"><subfield code="a">n-us-ga</subfield></datafield><datafield ind1="0" ind2=" " tag="130"><subfield code="a">Athens daily banner (Athens, Ga. : 1879)</subfield></datafield><datafield ind1="1" ind2="4" tag="245"><subfield code="a">The Athens daily banner.</subfield></datafield><datafield ind1=" " ind2=" " tag="260"><subfield code="a">Athens Ga. :</subfield><subfield code="b">J.T. Waterman,</subfield><subfield code="c">[1879-1881]</subfield></datafield><datafield ind1=" " ind2=" " tag="300"><subfield code="a">v.</subfield></datafield><datafield ind1=" " ind2=" " tag="310"><subfield code="a">Daily</subfield></datafield><datafield ind1="1" ind2=" " tag="362"><subfield code="a">Began in 1879? Ceased in 1881?</subfield></datafield><datafield ind1=" " ind2=" " tag="580"><subfield code="a">Also published a weekly called: The Athens banner, 1880-1881.</subfield></datafield><datafield ind1=" " ind2=" " tag="588"><subfield code="a">Description based on: Vol. 1, no. 68 (Jan. 23, 1880).</subfield></datafield><datafield ind1=" " ind2="0" tag="651"><subfield code="a">Athens (Ga.)</subfield><subfield code="v">Newspapers.</subfield></datafield><datafield ind1=" " ind2="7" tag="655"><subfield code="a">Newspapers.</subfield><subfield code="2">fast</subfield><subfield code="0">(OCoLC)fst01423814</subfield></datafield><datafield ind1=" " ind2="7" tag="651"><subfield code="a">Georgia</subfield><subfield code="z">Athens.</subfield><subfield code="2">fast</subfield><subfield code="0">(OCoLC)fst01208258</subfield></datafield><datafield ind1=" " ind2=" " tag="752"><subfield code="a">United States</subfield><subfield code="b">Georgia</subfield><subfield code="c">Clarke</subfield><subfield code="d">Athens.</subfield></datafield><datafield ind1="0" ind2=" " tag="775"><subfield code="t">Athens weekly banner (Athens, Ga. : 1879)</subfield><subfield code="w">(DLC)sn 88054111</subfield><subfield code="w">(OCoLC)21238038</subfield></datafield><datafield ind1="1" ind2=" " tag="775"><subfield code="t">Athens banner (Athens, Ga. : 1880)</subfield><subfield code="w">(DLC)sn 86090957</subfield><subfield code="w">(OCoLC)15229592</subfield></datafield><datafield ind1="0" ind2=" " tag="775"><subfield code="t">Southern weekly banner</subfield><subfield code="w">(DLC)sn 88054104</subfield><subfield code="w">(OCoLC)21237956</subfield></datafield><datafield ind1="0" ind2="0" tag="785"><subfield code="t">Athens banner-watchman (Athens, Ga. : 1882)</subfield><subfield code="w">(DLC)sn 89053945</subfield><subfield code="w">(OCoLC)21224828</subfield></datafield></record>